%YAML 1.1
%TAG !u! tag:unity3d.com,2011:
--- !u!114 &-8413267077894963955
MonoBehaviour:
  m_ObjectHideFlags: 0
  m_CorrespondingSourceObject: {fileID: 0}
  m_PrefabInstance: {fileID: 0}
  m_PrefabAsset: {fileID: 0}
  m_GameObject: {fileID: 0}
  m_Enabled: 1
  m_EditorHideFlags: 0
  m_Script: {fileID: 11500000, guid: 9f6c631d933489d4ca7328a2a5983e10, type: 3}
  m_Name: quarterElectricity
  m_EditorClassIdentifier: 
  DatabaseName: General
  SoundName: quarterElectricity
  IgnoreListenerPause: 1
  Volume:
    MinValue: -64.9
    MaxValue: -53.6
  Pitch:
    MinValue: 0
    MaxValue: 0
  SpatialBlend: 0
  Loop: 1
  Mode: 0
  ResetSequenceAfterInactiveTime: 0
  SequenceResetTime: 5
  Sounds:
  - AudioClip: {fileID: 8300000, guid: 28f86957adbef4d46a1a40de8fbf1863, type: 3}
    Weight: 1
--- !u!114 &-3823465291210216211
MonoBehaviour:
  m_ObjectHideFlags: 0
  m_CorrespondingSourceObject: {fileID: 0}
  m_PrefabInstance: {fileID: 0}
  m_PrefabAsset: {fileID: 0}
  m_GameObject: {fileID: 0}
  m_Enabled: 1
  m_EditorHideFlags: 0
  m_Script: {fileID: 11500000, guid: 9f6c631d933489d4ca7328a2a5983e10, type: 3}
  m_Name: production
  m_EditorClassIdentifier: 
  DatabaseName: General
  SoundName: production
  IgnoreListenerPause: 1
  Volume:
    MinValue: 0
    MaxValue: 0
  Pitch:
    MinValue: 0
    MaxValue: 0
  SpatialBlend: 0
  Loop: 0
  Mode: 0
  ResetSequenceAfterInactiveTime: 0
  SequenceResetTime: 5
  Sounds:
  - AudioClip: {fileID: 8300000, guid: ba981dd10af534c07b73d1aeb4c4eaf7, type: 3}
    Weight: 1
--- !u!114 &-2299461189017618863
MonoBehaviour:
  m_ObjectHideFlags: 0
  m_CorrespondingSourceObject: {fileID: 0}
  m_PrefabInstance: {fileID: 0}
  m_PrefabAsset: {fileID: 0}
  m_GameObject: {fileID: 0}
  m_Enabled: 1
  m_EditorHideFlags: 0
  m_Script: {fileID: 11500000, guid: 9f6c631d933489d4ca7328a2a5983e10, type: 3}
  m_Name: addGold
  m_EditorClassIdentifier: 
  DatabaseName: General
  SoundName: addGold
  IgnoreListenerPause: 1
  Volume:
    MinValue: 0
    MaxValue: 0
  Pitch:
    MinValue: 0
    MaxValue: 0
  SpatialBlend: 0
  Loop: 0
  Mode: 0
  ResetSequenceAfterInactiveTime: 0
  SequenceResetTime: 5
  Sounds:
  - AudioClip: {fileID: 8300000, guid: b58220d4e07864bc68514186bb0189fc, type: 3}
    Weight: 1
--- !u!114 &-606434733903805735
MonoBehaviour:
  m_ObjectHideFlags: 0
  m_CorrespondingSourceObject: {fileID: 0}
  m_PrefabInstance: {fileID: 0}
  m_PrefabAsset: {fileID: 0}
  m_GameObject: {fileID: 0}
  m_Enabled: 1
  m_EditorHideFlags: 0
  m_Script: {fileID: 11500000, guid: 9f6c631d933489d4ca7328a2a5983e10, type: 3}
  m_Name: backgroundMusic
  m_EditorClassIdentifier: 
  DatabaseName: General
  SoundName: backgroundMusic
  IgnoreListenerPause: 1
  Volume:
    MinValue: 0
    MaxValue: 0
  Pitch:
    MinValue: 0
    MaxValue: 0
  SpatialBlend: 0
  Loop: 1
  Mode: 0
  ResetSequenceAfterInactiveTime: 0
  SequenceResetTime: 5
  Sounds:
  - AudioClip: {fileID: 8300000, guid: 834f2727d41f4486fa6612ba8f445e1c, type: 3}
    Weight: 1
  - AudioClip: {fileID: 8300000, guid: dd33f7c399cf14463bf1a211d1534280, type: 3}
    Weight: 1
--- !u!114 &11400000
MonoBehaviour:
  m_ObjectHideFlags: 0
  m_CorrespondingSourceObject: {fileID: 0}
  m_PrefabInstance: {fileID: 0}
  m_PrefabAsset: {fileID: 0}
  m_GameObject: {fileID: 0}
  m_Enabled: 1
  m_EditorHideFlags: 0
  m_Script: {fileID: 11500000, guid: 4b400ee936d64d0e93e3892c7c321e09, type: 3}
  m_Name: SoundDatabase_General
  m_EditorClassIdentifier: 
  DatabaseName: General
  OutputAudioMixerGroup: {fileID: 0}
  SoundNames:
  - No Sound
  - addGold
  - backgroundMusic
  - button
  - buyIap
  - clearZone
  - No Sound
  - production
  - quarterCity
  - quarterElectricity
  - quarterStateOpening
  - spendSoft
  Database:
  - {fileID: 4871721873375627525}
  - {fileID: -2299461189017618863}
  - {fileID: -606434733903805735}
  - {fileID: 1519648245204849040}
  - {fileID: 4122916424627885716}
  - {fileID: 360613209441913176}
  - {fileID: -3823465291210216211}
  - {fileID: 3717810129657179112}
  - {fileID: -8413267077894963955}
  - {fileID: 7536935599615435364}
  - {fileID: 1975681564048369890}
--- !u!114 &360613209441913176
MonoBehaviour:
  m_ObjectHideFlags: 0
  m_CorrespondingSourceObject: {fileID: 0}
  m_PrefabInstance: {fileID: 0}
  m_PrefabAsset: {fileID: 0}
  m_GameObject: {fileID: 0}
  m_Enabled: 1
  m_EditorHideFlags: 0
  m_Script: {fileID: 11500000, guid: 9f6c631d933489d4ca7328a2a5983e10, type: 3}
  m_Name: clearZone
  m_EditorClassIdentifier: 
  DatabaseName: General
  SoundName: clearZone
  IgnoreListenerPause: 1
  Volume:
    MinValue: 0
    MaxValue: 0
  Pitch:
    MinValue: 0
    MaxValue: 0
  SpatialBlend: 0
  Loop: 0
  Mode: 0
  ResetSequenceAfterInactiveTime: 0
  SequenceResetTime: 5
  Sounds:
  - AudioClip: {fileID: 8300000, guid: 095fa284b9a674a42835fe1ce1ef4f8e, type: 3}
    Weight: 1
--- !u!114 &1519648245204849040
MonoBehaviour:
  m_ObjectHideFlags: 0
  m_CorrespondingSourceObject: {fileID: 0}
  m_PrefabInstance: {fileID: 0}
  m_PrefabAsset: {fileID: 0}
  m_GameObject: {fileID: 0}
  m_Enabled: 1
  m_EditorHideFlags: 0
  m_Script: {fileID: 11500000, guid: 9f6c631d933489d4ca7328a2a5983e10, type: 3}
  m_Name: button
  m_EditorClassIdentifier: 
  DatabaseName: General
  SoundName: button
  IgnoreListenerPause: 1
  Volume:
    MinValue: 0
    MaxValue: 0
  Pitch:
    MinValue: 0
    MaxValue: 0
  SpatialBlend: 0
  Loop: 0
  Mode: 0
  ResetSequenceAfterInactiveTime: 0
  SequenceResetTime: 5
  Sounds:
  - AudioClip: {fileID: 8300000, guid: 9607c3aafe5e24ad287ef9e19c4278a4, type: 3}
    Weight: 1
--- !u!114 &1975681564048369890
MonoBehaviour:
  m_ObjectHideFlags: 0
  m_CorrespondingSourceObject: {fileID: 0}
  m_PrefabInstance: {fileID: 0}
  m_PrefabAsset: {fileID: 0}
  m_GameObject: {fileID: 0}
  m_Enabled: 1
  m_EditorHideFlags: 0
  m_Script: {fileID: 11500000, guid: 9f6c631d933489d4ca7328a2a5983e10, type: 3}
  m_Name: spendSoft
  m_EditorClassIdentifier: 
  DatabaseName: General
  SoundName: spendSoft
  IgnoreListenerPause: 1
  Volume:
    MinValue: 0
    MaxValue: 0
  Pitch:
    MinValue: 0
    MaxValue: 0
  SpatialBlend: 0
  Loop: 0
  Mode: 0
  ResetSequenceAfterInactiveTime: 0
  SequenceResetTime: 5
  Sounds:
  - AudioClip: {fileID: 8300000, guid: deca28a2063ff41af85bd16ee77a7699, type: 3}
    Weight: 1
--- !u!114 &3717810129657179112
MonoBehaviour:
  m_ObjectHideFlags: 0
  m_CorrespondingSourceObject: {fileID: 0}
  m_PrefabInstance: {fileID: 0}
  m_PrefabAsset: {fileID: 0}
  m_GameObject: {fileID: 0}
  m_Enabled: 1
  m_EditorHideFlags: 0
  m_Script: {fileID: 11500000, guid: 9f6c631d933489d4ca7328a2a5983e10, type: 3}
  m_Name: quarterCity
  m_EditorClassIdentifier: 
  DatabaseName: General
  SoundName: quarterCity
  IgnoreListenerPause: 1
  Volume:
    MinValue: 0
    MaxValue: 0
  Pitch:
    MinValue: 0
    MaxValue: 0
  SpatialBlend: 0
  Loop: 1
  Mode: 0
  ResetSequenceAfterInactiveTime: 0
  SequenceResetTime: 5
  Sounds:
  - AudioClip: {fileID: 8300000, guid: f8c92a5ead7d84dde9da6240eafac827, type: 3}
    Weight: 1
--- !u!114 &4122916424627885716
MonoBehaviour:
  m_ObjectHideFlags: 0
  m_CorrespondingSourceObject: {fileID: 0}
  m_PrefabInstance: {fileID: 0}
  m_PrefabAsset: {fileID: 0}
  m_GameObject: {fileID: 0}
  m_Enabled: 1
  m_EditorHideFlags: 0
  m_Script: {fileID: 11500000, guid: 9f6c631d933489d4ca7328a2a5983e10, type: 3}
  m_Name: buyIap
  m_EditorClassIdentifier: 
  DatabaseName: General
  SoundName: buyIap
  IgnoreListenerPause: 1
  Volume:
    MinValue: 0
    MaxValue: 0
  Pitch:
    MinValue: 0
    MaxValue: 0
  SpatialBlend: 0
  Loop: 0
  Mode: 0
  ResetSequenceAfterInactiveTime: 0
  SequenceResetTime: 5
  Sounds:
  - AudioClip: {fileID: 8300000, guid: 816a0591a7230497ea94547b1c5c7c91, type: 3}
    Weight: 1
--- !u!114 &4871721873375627525
MonoBehaviour:
  m_ObjectHideFlags: 0
  m_CorrespondingSourceObject: {fileID: 0}
  m_PrefabInstance: {fileID: 0}
  m_PrefabAsset: {fileID: 0}
  m_GameObject: {fileID: 0}
  m_Enabled: 1
  m_EditorHideFlags: 0
  m_Script: {fileID: 11500000, guid: 9f6c631d933489d4ca7328a2a5983e10, type: 3}
  m_Name: No Sound
  m_EditorClassIdentifier: 
  DatabaseName: General
  SoundName: No Sound
  IgnoreListenerPause: 1
  Volume:
    MinValue: 0
    MaxValue: 0
  Pitch:
    MinValue: 0
    MaxValue: 0
  SpatialBlend: 0
  Loop: 0
  Mode: 0
  ResetSequenceAfterInactiveTime: 0
  SequenceResetTime: 5
  Sounds: []
--- !u!114 &7536935599615435364
MonoBehaviour:
  m_ObjectHideFlags: 0
  m_CorrespondingSourceObject: {fileID: 0}
  m_PrefabInstance: {fileID: 0}
  m_PrefabAsset: {fileID: 0}
  m_GameObject: {fileID: 0}
  m_Enabled: 1
  m_EditorHideFlags: 0
  m_Script: {fileID: 11500000, guid: 9f6c631d933489d4ca7328a2a5983e10, type: 3}
  m_Name: quarterStateOpening
  m_EditorClassIdentifier: 
  DatabaseName: General
  SoundName: quarterStateOpening
  IgnoreListenerPause: 1
  Volume:
    MinValue: 0
    MaxValue: 0
  Pitch:
    MinValue: 0
    MaxValue: 0
  SpatialBlend: 0
  Loop: 1
  Mode: 0
  ResetSequenceAfterInactiveTime: 0
  SequenceResetTime: 5
  Sounds:
  - AudioClip: {fileID: 8300000, guid: 095fa284b9a674a42835fe1ce1ef4f8e, type: 3}
    Weight: 1
